<collection xmlns="http://www.loc.gov/MARC21/slim">
<record>
  <leader>01456nam0a22003011i 450 </leader>
  <controlfield tag="001">IT\ICCU\CNCE\023142</controlfield>
  <controlfield tag="005">20060314000000.0</controlfield>
  <datafield tag="012" ind1=" " ind2=" ">
    <subfield code="a">s.o- dout sos, ilsi (3) 1560 (R)</subfield>
    <subfield code="2">fei</subfield>
  </datafield>
  <datafield tag="100" ind1=" " ind2=" ">
    <subfield code="a">19970627d1560        0itac0103    ba</subfield>
  </datafield>
  <datafield tag="101" ind1=" " ind2=" ">
    <subfield code="a">LAT</subfield>
  </datafield>
  <datafield tag="102" ind1=" " ind2=" ">
    <subfield code="a">IT</subfield>
  </datafield>
  <datafield tag="200" ind1="1" ind2=" ">
    <subfield code="a">Institutionum iuris canonici commentarium</subfield>
  </datafield>
  <datafield tag="210" ind1=" " ind2=" ">
    <subfield code="a">Perusiae</subfield>
    <subfield code="c">ex officina Andreae Brixiani</subfield>
    <subfield code="d">1560</subfield>
    <subfield code="h">1559</subfield>
  </datafield>
  <datafield tag="215" ind1=" " ind2=" ">
    <subfield code="a">18, \6!, 24 c.</subfield>
    <subfield code="d">16ʻ</subfield>
  </datafield>
  <datafield tag="300" ind1=" " ind2=" ">
    <subfield code="a">Il nome dell&apos;autore si ricava dalla lettera dedicatoria</subfield>
  </datafield>
  <datafield tag="620" ind1=" " ind2=" ">
    <subfield code="a">IT</subfield>
    <subfield code="d">Perugia</subfield>
  </datafield>
  <datafield tag="700" ind1=" " ind2="1">
    <subfield code="a">Lancellotti,</subfield>
    <subfield code="b">Giovanni Paolo</subfield>
    <subfield code="3">IT\ICCU\CNCA\006571</subfield>
  </datafield>
  <datafield tag="712" ind1="0" ind2="0">
    <subfield code="a">Bresciano, Andrea</subfield>
    <subfield code="3">IT\ICCU\CNCT\000299</subfield>
    <subfield code="4">650</subfield>
  </datafield>
  <datafield tag="790" ind1=" " ind2="1">
    <subfield code="a">Lancelottus,</subfield>
    <subfield code="b">Ioannes Paulus</subfield>
    <subfield code="3">IT\ICCU\CNCA\016027</subfield>
    <subfield code="z">Lancellotti, Giovanni Paolo</subfield>
  </datafield>
  <datafield tag="790" ind1=" " ind2="1">
    <subfield code="a">Lancelotti,</subfield>
    <subfield code="b">Giovanni Paulo</subfield>
    <subfield code="3">IT\ICCU\CNCA\026326</subfield>
    <subfield code="z">Lancellotti, Giovanni Paolo</subfield>
  </datafield>
  <datafield tag="790" ind1=" " ind2="1">
    <subfield code="a">Lancellotus,</subfield>
    <subfield code="b">Ioannes Paulus</subfield>
    <subfield code="3">IT\ICCU\CNCA\026327</subfield>
    <subfield code="z">Lancellotti, Giovanni Paolo</subfield>
  </datafield>
  <datafield tag="791" ind1="0" ind2="0">
    <subfield code="a">Fracassini,  Andrea</subfield>
    <subfield code="3">IT\ICCU\CNCT\003063</subfield>
    <subfield code="z">Bresciano, Andrea</subfield>
  </datafield>
  <datafield tag="791" ind1="0" ind2="0">
    <subfield code="a">Brixianus, Andreas</subfield>
    <subfield code="3">IT\ICCU\CNCT\004773</subfield>
    <subfield code="z">Bresciano, Andrea</subfield>
  </datafield>
  <datafield tag="801" ind1=" " ind2="3">
    <subfield code="a">IT</subfield>
    <subfield code="b">ICCU</subfield>
    <subfield code="c">20201114</subfield>
  </datafield>
  <datafield tag="899" ind1=" " ind2=" ">
    <subfield code="a">Biblioteca comunale Planettiana. Jesi</subfield>
    <subfield code="1">AN0092</subfield>
    <subfield code="2">URB BC</subfield>
  </datafield>
  <datafield tag="899" ind1=" " ind2=" ">
    <subfield code="a">Biblioteca della Facolt ̉di giurisprudenza. Seminario giuridico dell&apos;Universit ̉degli studi di Catania. Catania</subfield>
    <subfield code="1">CT0029</subfield>
    <subfield code="2">ZCT 10</subfield>
  </datafield>
  <datafield tag="899" ind1=" " ind2=" ">
    <subfield code="a">Biblioteca Apostolica Vaticana. Citt ̉del Vaticano</subfield>
    <subfield code="1">EX0001</subfield>
    <subfield code="2">ZCV 01</subfield>
  </datafield>
  <datafield tag="899" ind1=" " ind2=" ">
    <subfield code="a">Biblioteca comunale Augusta. Perugia</subfield>
    <subfield code="1">PG0109</subfield>
    <subfield code="2">UM1 01</subfield>
  </datafield>
</record>
</collection>
